<record><leader>00000cas a22000007a 4500</leader><controlfield tag="001">17278077</controlfield><controlfield tag="008">871222d19231929ohudn ne      0    0eng d</controlfield><datafield ind1=" " ind2=" " tag="010"><subfield code="a">sn 87076984 </subfield></datafield><datafield ind1=" " ind2=" " tag="040"><subfield code="a">ONP</subfield><subfield code="b">eng</subfield><subfield code="c">ONP</subfield><subfield code="d">OCLCQ</subfield></datafield><datafield ind1=" " ind2=" " tag="042"><subfield code="a">msc</subfield></datafield><datafield ind1="0" ind2="4" tag="245"><subfield code="a">The Daily news-tribune.</subfield></datafield><datafield ind1=" " ind2=" " tag="260"><subfield code="a">[Greenville, Ohio] :</subfield><subfield code="b">Martin B. Trainor,</subfield><subfield code="c">1923-</subfield></datafield><datafield ind1=" " ind2=" " tag="310"><subfield code="a">Daily (except Sun.)</subfield></datafield><datafield ind1="0" ind2=" " tag="362"><subfield code="a">Vol. 1, no. 1 (Mar. 29, 1923)-</subfield></datafield><datafield ind1="1" ind2=" " tag="362"><subfield code="a">Ceased in 1929.</subfield></datafield><datafield ind1=" " ind2=" " tag="752"><subfield code="a">United States</subfield><subfield code="b">Ohio</subfield><subfield code="c">Darke</subfield><subfield code="d">Greenville.</subfield></datafield><datafield ind1="0" ind2="4" tag="780"><subfield code="t">Greenville daily news</subfield><subfield code="w">(DLC)sn 87076982</subfield></datafield><datafield ind1="0" ind2="4" tag="780"><subfield code="t">Greenville daily tribune (Greenville, Ohio : 1913)</subfield><subfield code="w">(DLC)sn 87076983</subfield></datafield></record>